<marcxml:record xmlns:marcxml="http://www.loc.gov/MARC21/slim" xmlns:idx="info:lc/xq-modules/lcindex" xmlns:madsrdf="http://www.loc.gov/mads/rdf/v1#" xmlns:ri="http://id.loc.gov/ontologies/RecordInfo#" xmlns:xlink="http://www.w3.org/1999/xlink" xmlns:rdf="http://www.w3.org/1999/02/22-rdf-syntax-ns#" xmlns:mets="http://www.loc.gov/METS/" xmlns:semtriples="http://marklogic.com/semantic" xmlns:xsi="http://www.w3.org/2001/XMLSchema-instance" xmlns:streams="info:lc/streams#">
            <marcxml:leader>00890cz  a2200205n  4500</marcxml:leader>
            <marcxml:controlfield tag="001">sh94005170</marcxml:controlfield>
            <marcxml:controlfield tag="003">DLC</marcxml:controlfield>
            <marcxml:controlfield tag="005">20170919104956.8</marcxml:controlfield>
            <marcxml:controlfield tag="008">040805|| anannbabn          |a ana     c</marcxml:controlfield>
            <marcxml:datafield tag="010" ind1=" " ind2=" ">
              <marcxml:subfield code="a">sh 94005170 </marcxml:subfield>
            </marcxml:datafield>
            <marcxml:datafield tag="040" ind1=" " ind2=" ">
              <marcxml:subfield code="a">CU</marcxml:subfield>
              <marcxml:subfield code="c">DLC</marcxml:subfield>
              <marcxml:subfield code="d">DLC</marcxml:subfield>
            </marcxml:datafield>
            <marcxml:datafield tag="150" ind1=" " ind2=" ">
              <marcxml:subfield code="a">Mausoleum of Augustus (Rome, Italy)</marcxml:subfield>
            </marcxml:datafield>
            <marcxml:datafield tag="400" ind1="0" ind2=" ">
              <marcxml:subfield code="a">Augustus,</marcxml:subfield>
              <marcxml:subfield code="c">Emperor of Rome,</marcxml:subfield>
              <marcxml:subfield code="d">63 B.C.-14 A.D.</marcxml:subfield>
              <marcxml:subfield code="x">Tomb</marcxml:subfield>
            </marcxml:datafield>
            <marcxml:datafield tag="450" ind1=" " ind2=" ">
              <marcxml:subfield code="a">Augustus, Mausoleum of (Rome, Italy)</marcxml:subfield>
            </marcxml:datafield>
            <marcxml:datafield tag="450" ind1=" " ind2=" ">
              <marcxml:subfield code="a">Mausoleo di Augusto (Rome, Italy)</marcxml:subfield>
            </marcxml:datafield>
            <marcxml:datafield tag="550" ind1=" " ind2=" ">
              <marcxml:subfield code="w">g</marcxml:subfield>
              <marcxml:subfield code="a">Mausoleums</marcxml:subfield>
              <marcxml:subfield code="z">Italy</marcxml:subfield>
            </marcxml:datafield>
            <marcxml:datafield tag="670" ind1=" " ind2=" ">
              <marcxml:subfield code="a">Work cat.: Das Mausoleum des Augustus, 1994.</marcxml:subfield>
            </marcxml:datafield>
            <marcxml:datafield tag="670" ind1=" " ind2=" ">
              <marcxml:subfield code="a">Encic. ital.:</marcxml:subfield>
              <marcxml:subfield code="b">v. 5, p. 355 (Mausoleo di Augusto)</marcxml:subfield>
            </marcxml:datafield>
            <marcxml:datafield tag="670" ind1=" " ind2=" ">
              <marcxml:subfield code="a">New ency. Britt.:</marcxml:subfield>
              <marcxml:subfield code="b">v. 26, p. 938 (Mausoleum of Augustus)</marcxml:subfield>
            </marcxml:datafield>
            <marcxml:datafield tag="670" ind1=" " ind2=" ">
              <marcxml:subfield code="a">Livius.org, viewed on July 31, 2017:</marcxml:subfield>
              <marcxml:subfield code="b">Rome, Mausoleum of Augustus (tomb of the emperor Augustus; remarkable monument of Rome; ashes of many members of the Julio-Claudian dynasty were added to this mausoleum)</marcxml:subfield>
            </marcxml:datafield>
          </marcxml:record>
